<record><leader>00000cas a22000007a 4500</leader><controlfield tag="001">20615193</controlfield><controlfield tag="008">891108d19071910nduwr ne      0    0eng d</controlfield><datafield ind1=" " ind2=" " tag="010"><subfield code="a">sn 89074380 </subfield></datafield><datafield ind1=" " ind2=" " tag="040"><subfield code="a">NOP</subfield><subfield code="b">eng</subfield><subfield code="c">NOP</subfield><subfield code="d">OCLCQ</subfield></datafield><datafield ind1=" " ind2=" " tag="042"><subfield code="a">msc</subfield></datafield><datafield ind1="0" ind2="4" tag="245"><subfield code="a">The Moffit messenger.</subfield></datafield><datafield ind1=" " ind2=" " tag="260"><subfield code="a">Moffit, Burleigh County, N.D. :</subfield><subfield code="b">William H. McMaster</subfield></datafield><datafield ind1=" " ind2=" " tag="300"><subfield code="a">4 v.</subfield></datafield><datafield ind1=" " ind2=" " tag="310"><subfield code="a">Weekly</subfield></datafield><datafield ind1="0" ind2=" " tag="362"><subfield code="a">Vol. 1, no. 1 (Sept. 5, 1907)-v. 4 no. 7 (Nov. 3, 1910).</subfield></datafield><datafield ind1=" " ind2=" " tag="500"><subfield code="a">"Official Paper of Burleigh County", 1910.</subfield></datafield><datafield ind1=" " ind2=" " tag="530"><subfield code="a">Available on microfilm from the State Historical Society of North Dakota.</subfield></datafield><datafield ind1=" " ind2=" " tag="752"><subfield code="a">United States</subfield><subfield code="b">North Dakota</subfield><subfield code="c">Burleigh</subfield><subfield code="d">Moffit.</subfield></datafield><datafield ind1="0" ind2="4" tag="785"><subfield code="t">McKenzie gazette</subfield><subfield code="w">(DLC)sn 89074381</subfield></datafield></record>